@article{deslippe2012berkeleygw,
  title={BerkeleyGW: A massively parallel computer package for the calculation of the quasiparticle and optical properties of materials and nanostructures},
  author={Deslippe, Jack and Samsonidze, Georgy and Strubbe, David A and Jain, Manish and Cohen, Marvin L and Louie, Steven G},
  journal={Computer Physics Communications},
  volume={183},
  number={6},
  pages={1269--1289},
  year={2012},
  publisher={Elsevier}
}

@article{del2019large,
  title={Large-scale GW calculations on pre-exascale HPC systems},
  author={Del Ben, Mauro and da Jornada, Felipe H and Canning, Andrew and Wichmann, Nathan and Raman, Karthik and Sasanka, Ruchira and Yang, Chao and Louie, Steven G and Deslippe, Jack},
  journal={Computer Physics Communications},
  volume={235},
  pages={187--195},
  year={2019},
  publisher={Elsevier}
}

@article{hohenberg1964inhomogeneous,
  title={Inhomogeneous electron gas},
  author={Hohenberg, Pierre and Kohn, Walter},
  journal={Physical review},
  volume={136},
  number={3B},
  pages={B864},
  year={1964},
  publisher={APS}
}